@misc{1606.01540,
  Author = {Greg Brockman and Vicki Cheung and Ludwig Pettersson and Jonas Schneider and John Schulman and Jie Tang and Wojciech Zaremba},
  Title = {OpenAI Gym},
  Year = {2016},
  Eprint = {arXiv:1606.01540},
}

@article{barto1983neuronlike,
  title={Neuronlike adaptive elements that can solve difficult learning control problems},
  author={Barto, Andrew G and Sutton, Richard S and Anderson, Charles W},
  journal={IEEE transactions on systems, man, and cybernetics},
  number={5},
  pages={834--846},
  year={1983},
  publisher={IEEE}
}

@TECHREPORT{Moore90efficientmemory-based,
  author = {Andrew William Moore},
  title = {Efficient Memory-based Learning for Robot Control},
  institution = {University of Cambridge},
  year = {1990}
}