@misc{1606.01540,
  Author = {Greg Brockman and Vicki Cheung and Ludwig Pettersson and Jonas Schneider and John Schulman and Jie Tang and Wojciech Zaremba},
  Title = {OpenAI Gym},
  Year = {2016},
  Eprint = {arXiv:1606.01540},
}

@article{barto1983neuronlike,
  title={Neuronlike adaptive elements that can solve difficult learning control problems},
  author={Barto, Andrew G and Sutton, Richard S and Anderson, Charles W},
  journal={IEEE transactions on systems, man, and cybernetics},
  number={5},
  pages={834--846},
  year={1983},
  publisher={IEEE}
}

@inproceedings{NIPS1994_23ce1851,
 author = {Crites, Robert and Barto, Andrew},
 booktitle = {Advances in Neural Information Processing Systems},
 editor = {G. Tesauro and D. Touretzky and T. Leen},
 pages = {},
 publisher = {MIT Press},
 title = {An Actor/Critic Algorithm that is Equivalent to Q-Learning},
 url = {https://proceedings.neurips.cc/paper_files/paper/1994/file/23ce1851341ec1fa9e0c259de10bf87c-Paper.pdf},
 volume = {7},
 year = {1994}
}

@TECHREPORT{Moore90efficientmemory-based,
  author = {Andrew William Moore},
  title = {Efficient Memory-based Learning for Robot Control},
  institution = {University of Cambridge},
  year = {1990}
}

@inproceedings{van2016deep,
  title={Deep reinforcement learning with double q-learning},
  author={Van Hasselt, Hado and Guez, Arthur and Silver, David},
  booktitle={Proceedings of the AAAI conference on artificial intelligence},
  volume={30},
  number={1},
  year={2016}
}

@article{mnih2013playing,
  title={Playing atari with deep reinforcement learning},
  author={Mnih, Volodymyr and Kavukcuoglu, Koray and Silver, David and Graves, Alex and Antonoglou, Ioannis and Wierstra, Daan and Riedmiller, Martin},
  journal={arXiv preprint arXiv:1312.5602},
  year={2013}
}